<record><leader>00000cas a2200000 a 4500</leader><controlfield tag="001">9904265</controlfield><controlfield tag="008">830913d19021919nyudr ne      0    0eng c</controlfield><datafield ind1=" " ind2=" " tag="010"><subfield code="a">sn 83031594 </subfield></datafield><datafield ind1=" " ind2=" " tag="040"><subfield code="a">NPU</subfield><subfield code="b">eng</subfield><subfield code="c">NPU</subfield><subfield code="d">DLC</subfield><subfield code="d">OCLCQ</subfield><subfield code="d">NYS</subfield><subfield code="d">OCLCQ</subfield><subfield code="d">OCLCF</subfield><subfield code="d">OCLCO</subfield></datafield><datafield ind1="1" ind2=" " tag="029"><subfield code="a">AU@</subfield><subfield code="b">000020629671</subfield></datafield><datafield ind1=" " ind2=" " tag="042"><subfield code="a">pcc</subfield></datafield><datafield ind1=" " ind2=" " tag="043"><subfield code="a">n-us-ny</subfield></datafield><datafield ind1="0" ind2=" " tag="130"><subfield code="a">Daily citizen (Ossining, N.Y.)</subfield></datafield><datafield ind1="1" ind2="4" tag="245"><subfield code="a">The Daily citizen.</subfield></datafield><datafield ind1="1" ind2="3" tag="246"><subfield code="a">Ossining daily citizen</subfield></datafield><datafield ind1="1" ind2="3" tag="246"><subfield code="a">Ossining Citizen</subfield><subfield code="f">&lt;1913-&gt;</subfield></datafield><datafield ind1="1" ind2="3" tag="246"><subfield code="a">Citizen</subfield><subfield code="f">1902-1905</subfield><subfield code="g">Weekly</subfield></datafield><datafield ind1=" " ind2=" " tag="260"><subfield code="a">Ossining, N.Y. :</subfield><subfield code="b">Ossining Print. and Pub. Co.</subfield></datafield><datafield ind1=" " ind2=" " tag="300"><subfield code="a">v. :</subfield><subfield code="b">ill. ;</subfield><subfield code="c">38-56 cm.</subfield></datafield><datafield ind1=" " ind2=" " tag="310"><subfield code="a">Daily</subfield></datafield><datafield ind1=" " ind2=" " tag="321"><subfield code="a">Weekly,</subfield><subfield code="b">1902-1905</subfield></datafield><datafield ind1="1" ind2=" " tag="362"><subfield code="a">Began in 1902; ceased in 1919.</subfield><subfield code="z">Cf. Redway, v. L. Short History and Bibliography of Ossining Newspapers, 1797-1951.</subfield></datafield><datafield ind1=" " ind2=" " tag="500"><subfield code="a">"Official village, town, county and state newspaper."</subfield></datafield><datafield ind1=" " ind2=" " tag="500"><subfield code="a">"All the news when its news." &lt;1905&gt;.</subfield></datafield><datafield ind1=" " ind2=" " tag="500"><subfield code="a">Sucessor to Ossining Daily Call, Ossining Morning Citizen and Ossining News" &lt;1914&gt;.</subfield></datafield><datafield ind1="4" ind2=" " tag="510"><subfield code="a">Redway, V.L. Short History and Bibliography of Ossining Newspapers, 1797-1951</subfield><subfield code="c">p. 19</subfield></datafield><datafield ind1=" " ind2=" " tag="580"><subfield code="a">Absorbed: Ossining Morning Call ; Ossining News ; and Ossining Morning Citizen.</subfield></datafield><datafield ind1=" " ind2=" " tag="580"><subfield code="a">Merged with: Ossining Sentinel, to form: Citizen-Sentinel.</subfield></datafield><datafield ind1=" " ind2=" " tag="588"><subfield code="a">Description based on: Vol. 4, no. 1119 (May 17, 1906).</subfield></datafield><datafield ind1=" " ind2="0" tag="651"><subfield code="a">Ossining (N.Y.)</subfield><subfield code="v">Newspapers.</subfield></datafield><datafield ind1=" " ind2="0" tag="651"><subfield code="a">Westchester County (N.Y.)</subfield><subfield code="v">Newspapers.</subfield></datafield><datafield ind1=" " ind2="7" tag="655"><subfield code="a">Newspapers.</subfield><subfield code="2">fast</subfield><subfield code="0">(OCoLC)fst01423814</subfield></datafield><datafield ind1=" " ind2="7" tag="651"><subfield code="a">New York (State)</subfield><subfield code="z">Ossining.</subfield><subfield code="2">fast</subfield><subfield code="0">(OCoLC)fst01221603</subfield></datafield><datafield ind1=" " ind2="7" tag="651"><subfield code="a">New York (State)</subfield><subfield code="z">Westchester County.</subfield><subfield code="2">fast</subfield><subfield code="0">(OCoLC)fst01202684</subfield></datafield><datafield ind1=" " ind2=" " tag="752"><subfield code="a">United States</subfield><subfield code="b">New York</subfield><subfield code="c">Westchester</subfield><subfield code="d">Ossining.</subfield></datafield><datafield ind1="1" ind2="5" tag="780"><subfield code="t">Ossining morning call</subfield><subfield code="d">1902-1904</subfield></datafield><datafield ind1="1" ind2="5" tag="780"><subfield code="t">Ossining news</subfield><subfield code="d">1894-1904</subfield></datafield><datafield ind1="1" ind2="5" tag="780"><subfield code="t">Ossining morning citizen</subfield></datafield><datafield ind1="1" ind2="7" tag="785"><subfield code="t">Sentinel (Ossining, N.Y.)</subfield><subfield code="w">(DLC)sn2003060305</subfield><subfield code="w">(OCoLC)52768081</subfield></datafield><datafield ind1="1" ind2="7" tag="785"><subfield code="t">Citizen-Sentinel</subfield><subfield code="w">(DLC)sn 98067541</subfield><subfield code="w">(OCoLC)38907044</subfield></datafield></record>